@book{bookc:calegari09,
  author={Danny Calegari},
  title={scl},
  series={Msj Memoirs},
  publisher={Mathematical Society of Japan},
  year={2009},
  url={http://math.uchicago.edu/~dannyc/scl/toc.html}
}

@booklet{lecnotes:loeh:bdcoho,
  author  = {Clara Löh},
  title   = {Group Cohomology \& Bounded Cohomology},
  url	  = {http://www.mathematik.uni-r.de/loeh/teaching/topologie3_ws0910/prelim.pdf}
}

@booklet{lecnotes:loeh:at3,
  author  = {Clara Löh},
  title   = {Algebraische Topologie III -- (Ko)Homologie: Dualität und Produkte},
  url	  = {http://www.mathematik.uni-r.de/loeh/teaching/topologie3_ss14/},
  note    = {Kurzskript zur Vorlesung aus dem Sommersemester 2014 an der Universität Regensburg}
}

@booklet{arxiv:rolli09,
  author      = {Pascal Rolli},
  title       = {Quasi-morphisms on Free Groups},
  year        = {2009},
  note        = {\href{http://arxiv.org/abs/0911.4234v2}{{\UrlFont arXiv:0911.4234v2 [math.GR]}}}
}

@article{alperin93,
  author = {Roger Alperin},
  title = {$\operatorname{PSL}_2(\Z) = \Z_2 \mathrel{\ast} \Z_3$},
  year = {1993},
  journal = {The American Mathematical Monthly},
  volume = {100},
  number = {4},
  pages = {Seiten 385--386},
  note = {Online verfügbar unter \url{http://www.jstor.org/stable/2324963}}
}
